<record xmlns="http://www.loc.gov/MARC21/slim" xmlns:xsi="http://www.w3.org/2001/XMLSchema-instance" xsi:schemaLocation="http://www.loc.gov/MARC21/slim http://www.loc.gov/standards/marcxml/schema/MARC21slim.xsd"><leader>01074cz   2200313n  4500</leader><controlfield tag="001">oca00299600 </controlfield><controlfield tag="005">20000415150509.0</controlfield><controlfield tag="008">790810n| acannaabn          |a aaa      </controlfield><datafield ind1=" " ind2=" " tag="010"><subfield code="a">n  79066715 </subfield></datafield><datafield ind1=" " ind2=" " tag="040"><subfield code="a">DLC</subfield><subfield code="b">eng</subfield><subfield code="c">DLC</subfield><subfield code="d">DLC</subfield><subfield code="d">MdU</subfield><subfield code="d">OCoLC</subfield></datafield><datafield ind1="0" ind2=" " tag="100"><subfield code="a">Terence</subfield></datafield><datafield ind1="1" ind2=" " tag="400"><subfield code="a">Afer, Publius Terentius</subfield></datafield><datafield ind1="1" ind2=" " tag="400"><subfield code="a">Terentius, P.</subfield><subfield code="q">(Publius)</subfield></datafield><datafield ind1="1" ind2=" " tag="400"><subfield code="a">Afro, Publio Terencio</subfield></datafield><datafield ind1="0" ind2=" " tag="400"><subfield code="a">Terenz</subfield></datafield><datafield ind1="1" ind2=" " tag="400"><subfield code="a">Terentius Afer, Publius</subfield><subfield code="w">nna</subfield></datafield><datafield ind1="0" ind2=" " tag="400"><subfield code="a">Terencjusz</subfield></datafield><datafield ind1="1" ind2=" " tag="400"><subfield code="a">Terentï¸&#160;sï¸¡iiÌ&#x86;, PubliiÌ&#x86;</subfield></datafield><datafield ind1="0" ind2=" " tag="400"><subfield code="a">Terencio</subfield></datafield><datafield ind1="1" ind2=" " tag="400"><subfield code="a">Terencio Afro, Publio</subfield></datafield><datafield ind1="0" ind2=" " tag="400"><subfield code="a">Terentios</subfield></datafield><datafield ind1="1" ind2=" " tag="400"><subfield code="a">Terenzio Afro, Publio</subfield></datafield><datafield ind1="0" ind2=" " tag="400"><subfield code="a">Terenzio</subfield></datafield><datafield ind1="1" ind2=" " tag="400"><subfield code="a">Terentius Apher, Publius</subfield></datafield><datafield ind1="1" ind2=" " tag="400"><subfield code="a">Apher, Publius Terentius</subfield></datafield><datafield ind1=" " ind2=" " tag="670"><subfield code="a">His P. Terentii Carthaginiensis Afri Comoediae sex, 1675:</subfield><subfield code="b">t.p. (P. Terentii Carthaginiensis Afri ...)</subfield></datafield><datafield ind1=" " ind2=" " tag="670"><subfield code="a">Ribuoli, R. La collazione polizianea del Codice Bembino di Terenzio, 1981:</subfield><subfield code="b">t.p. (Terenzio)</subfield></datafield><datafield ind1=" " ind2=" " tag="670"><subfield code="a">His Pub. Terentij Aphri comoediae sex, 1541:</subfield><subfield code="b">t.p. (Pub. Terentij Aphri ...)</subfield></datafield><datafield ind1=" " ind2=" " tag="678"><subfield code="a">185-159 B.C.</subfield></datafield></record>